% This file was created with JabRef 2.10b2.
% Encoding: UTF8


@Misc{Fujiki,
  Title                    = {{Nagata threefold and twistor space.}},

  Author                   = {Fujiki, Akira},
  HowPublished             = {{Quaternionic structures in mathematics and physics (Trieste, 1994)}},
  Year                     = {1998},

  Abstract                 = {{Author's abstract: ``We shall give a twistorial description of a certain threefold constructed by {\it M. Nagata} [Ill. J. Math. 2, 490-498 (1958; Zbl 0081.37503)] in quite a different context. We also consider its higher-dimensional analogue. This leads us to a formulation of a general result on the partial compactification of certain class of hyper-K\"ahler manifolds''.}},
  Classmath                = {{*53C28 (Twistor methods) 53C26 (Hyper-K\"ahler and quaternionic K\"ahler geometry) }},
  Keywords                 = {{threefold; hyper-K\"ahler manifolds}},
  Language                 = {English}
}

@Article{HKLR,
  Title                    = {Hyper-{K}\"ahler metrics and supersymmetry},
  Author                   = {Hitchin, N. J. and Karlhede, A. and Lindstr{\"o}m, U. and Ro{\v{c}}ek, M.},
  Journal                  = {Comm. Math. Phys.},
  Year                     = {1987},
  Number                   = {4},
  Pages                    = {535--589},
  Volume                   = {108},

  Coden                    = {CMPHAY},
  Fjournal                 = {Communications in Mathematical Physics},
  ISSN                     = {0010-3616},
  Mrclass                  = {53C25 (32C10 53C55 53C80 58E99 81E99)},
  Mrnumber                 = {877637 (88g:53048)},
  Mrreviewer               = {Pankaj Topiwala},
  Url                      = {http://projecteuclid.org/getRecord?id=euclid.cmp/1104116624}
}

@Article{nakajima,
  Title                    = {Quiver varieties and Kac-Moody algebras},
  Author                   = {Nakajima, Hiraku},
  Journal                  = {Duke Mathematical Journal},
  Year                     = {1998},

  Month                    = {02},
  Number                   = {3},
  Pages                    = {515--560},
  Volume                   = {91},

  Ajournal                 = {Duke Math. J.},
  Doi                      = {10.1215/S0012-7094-98-09120-7},
  Publisher                = {Duke University Press},
  Url                      = {http://dx.doi.org/10.1215/S0012-7094-98-09120-7}
}

@Article{Schiffmann,
  Title                    = {Vari\'{e}t\'{e}s carquois de Nakajima},
  Author                   = {Olivier Schiffmann},
  Journal                  = {Ast\'{e}risque},
  Year                     = {2008},

  Month                    = {mars},
  Number                   = {976},
  Pages                    = {295-344},
  Volume                   = {317},

  Part                     = {SÃ©minaire Bourbaki}
}

@Article{Verbitsky,
  Title                    = {A global Torelli theorem for hyperkahler manifolds},
  Author                   = {Verbitsky, M.},
  Journal                  = {ArXiv e-prints},
  Year                     = {2009},

  Month                    = aug,

  Adsnote                  = {Provided by the SAO/NASA Astrophysics Data System},
  Adsurl                   = {http://adsabs.harvard.edu/abs/2009arXiv0908.4121V},
  Archiveprefix            = {arXiv},
  Eprint                   = {0908.4121},
  Keywords                 = {Mathematics - Algebraic Geometry, Mathematics - Algebraic Topology, Mathematics - Differential Geometry, 53C26, 32G13},
  Primaryclass             = {math.AG}
}

@comment{jabref-meta: selector_publisher:}

@comment{jabref-meta: selector_author:}

@comment{jabref-meta: selector_journal:}

@comment{jabref-meta: selector_keywords:}

